% NEExT Reddit Experiments Bibliography
% Add references as we cite them in experiments
